{
    "Quarters": {
        "Sep '13": {
            "total_income": {
                "values": [
                    11482.0,
                    11482.0
                ],
                "sum": 22964.0
            },
            "total_expenditure": {
                "values": [
                    6572.0,
                    257.0,
                    1948.0,
                    2705.0,
                    503.0,
                    3208.0,
                    0.0,
                    3208.0,
                    0.0,
                    3208.0,
                    882.0,
                    2326.0,
                    2326.0,
                    287.0,
                    35772.0
                ],
                "sum": 63202.0
            },
            "total_revenue": {
                "values": [
                    -40238.0
                ],
                "sum": -40238.0
            }
        },
        "Dec '13": {
            "total_income": {
                "values": [
                    11534.0,
                    11534.0
                ],
                "sum": 23068.0
            },
            "total_expenditure": {
                "values": [
                    6158.0,
                    285.0,
                    1968.0,
                    3123.0,
                    708.0,
                    3831.0,
                    0.0,
                    3831.0,
                    0.0,
                    3831.0,
                    1096.0,
                    2735.0,
                    2735.0,
                    286.0,
                    35772.0
                ],
                "sum": 66359.0
            },
            "total_revenue": {
                "values": [
                    -43291.0
                ],
                "sum": -43291.0
            }
        },
        "Mar '14": {
            "total_income": {
                "values": [
                    11366.0,
                    11366.0
                ],
                "sum": 22732.0
            },
            "total_expenditure": {
                "values": [
                    6053.0,
                    409.0,
                    1819.0,
                    3085.0,
                    802.0,
                    3887.0,
                    0.0,
                    3887.0,
                    0.0,
                    3887.0,
                    1004.0,
                    2883.0,
                    2883.0,
                    286.0,
                    35772.0
                ],
                "sum": 66657.0
            },
            "total_revenue": {
                "values": [
                    -43925.0
                ],
                "sum": -43925.0
            }
        },
        "Jun '14": {
            "total_income": {
                "values": [
                    11319.0,
                    11319.0
                ],
                "sum": 22638.0
            },
            "total_expenditure": {
                "values": [
                    6234.0,
                    192.0,
                    1888.0,
                    3005.0,
                    790.0,
                    3795.0,
                    0.0,
                    3795.0,
                    0.0,
                    3795.0,
                    1075.0,
                    2720.0,
                    2720.0,
                    286.0,
                    41806.0
                ],
                "sum": 72101.0
            },
            "total_revenue": {
                "values": [
                    -49463.0
                ],
                "sum": -49463.0
            }
        },
        "Sep '14": {
            "total_income": {
                "values": [
                    11863.0,
                    11863.0
                ],
                "sum": 23726.0
            },
            "total_expenditure": {
                "values": [
                    6340.0,
                    251.0,
                    1936.0,
                    3336.0,
                    833.0,
                    4169.0,
                    0.0,
                    4169.0,
                    412.0,
                    4581.0,
                    1216.0,
                    3365.0,
                    3365.0,
                    286.0,
                    41806.0
                ],
                "sum": 76065.0
            },
            "total_revenue": {
                "values": [
                    -52339.0
                ],
                "sum": -52339.0
            }
        },
        "Dec '14": {
            "total_income": {
                "values": [
                    12192.0,
                    12192.0
                ],
                "sum": 24384.0
            },
            "total_expenditure": {
                "values": [
                    6358.0,
                    229.0,
                    2176.0,
                    3429.0,
                    823.0,
                    4252.0,
                    0.0,
                    4252.0,
                    0.0,
                    4252.0,
                    1197.0,
                    3055.0,
                    3055.0,
                    572.0,
                    41806.0
                ],
                "sum": 75456.0
            },
            "total_revenue": {
                "values": [
                    -51072.0
                ],
                "sum": -51072.0
            }
        },
        "Mar '15": {
            "total_income": {
                "values": [
                    11926.0,
                    11926.0
                ],
                "sum": 23852.0
            },
            "total_expenditure": {
                "values": [
                    6183.0,
                    241.0,
                    2223.0,
                    3279.0,
                    891.0,
                    4170.0,
                    0.0,
                    4170.0,
                    0.0,
                    4170.0,
                    1146.0,
                    3024.0,
                    3024.0,
                    574.0,
                    47494.0
                ],
                "sum": 80589.0
            },
            "total_revenue": {
                "values": [
                    -56737.0
                ],
                "sum": -56737.0
            }
        },
        "Jun '15": {
            "total_income": {
                "values": [
                    12738.0,
                    12738.0
                ],
                "sum": 25476.0
            },
            "total_expenditure": {
                "values": [
                    6807.0,
                    252.0,
                    2410.0,
                    3269.0,
                    721.0,
                    3990.0,
                    0.0,
                    3990.0,
                    0.0,
                    3990.0,
                    1099.0,
                    2891.0,
                    2891.0,
                    1148.0,
                    0.0
                ],
                "sum": 33458.0
            },
            "total_revenue": {
                "values": [
                    -7982.0
                ],
                "sum": -7982.0
            }
        },
        "Sep '15": {
            "total_income": {
                "values": [
                    13525.0,
                    13525.0
                ],
                "sum": 27050.0
            },
            "total_expenditure": {
                "values": [
                    6987.0,
                    272.0,
                    2488.0,
                    3778.0,
                    775.0,
                    4553.0,
                    0.0,
                    4553.0,
                    0.0,
                    4553.0,
                    1305.0,
                    3248.0,
                    3248.0,
                    1148.0,
                    51617.0
                ],
                "sum": 88525.0
            },
            "total_revenue": {
                "values": [
                    -61475.0
                ],
                "sum": -61475.0
            }
        },
        "Dec '15": {
            "total_income": {
                "values": [
                    13562.0,
                    13562.0
                ],
                "sum": 27124.0
            },
            "total_expenditure": {
                "values": [
                    7115.0,
                    275.0,
                    2556.0,
                    3616.0,
                    737.0,
                    4353.0,
                    0.0,
                    4353.0,
                    0.0,
                    4353.0,
                    1190.0,
                    3163.0,
                    3163.0,
                    1148.0,
                    51617.0
                ],
                "sum": 87639.0
            },
            "total_revenue": {
                "values": [
                    -60515.0
                ],
                "sum": -60515.0
            }
        },
        "Mar '16": {
            "total_income": {
                "values": [
                    14158.0,
                    14158.0
                ],
                "sum": 28316.0
            },
            "total_expenditure": {
                "values": [
                    7297.0,
                    315.0,
                    2614.0,
                    3932.0,
                    773.0,
                    4705.0,
                    0.0,
                    4705.0,
                    0.0,
                    4705.0,
                    1314.0,
                    3391.0,
                    3391.0,
                    1148.0,
                    59934.0
                ],
                "sum": 98224.0
            },
            "total_revenue": {
                "values": [
                    -69908.0
                ],
                "sum": -69908.0
            }
        },
        "Jun '16": {
            "total_income": {
                "values": [
                    14420.0,
                    14420.0
                ],
                "sum": 28840.0
            },
            "total_expenditure": {
                "values": [
                    7605.0,
                    319.0,
                    2797.0,
                    3699.0,
                    761.0,
                    4460.0,
                    0.0,
                    4460.0,
                    0.0,
                    4460.0,
                    1280.0,
                    3180.0,
                    3180.0,
                    1148.0,
                    59934.0
                ],
                "sum": 97283.0
            },
            "total_revenue": {
                "values": [
                    -68443.0
                ],
                "sum": -68443.0
            }
        },
        "Sep '16": {
            "total_income": {
                "values": [
                    15000.0,
                    15000.0
                ],
                "sum": 30000.0
            },
            "total_expenditure": {
                "values": [
                    7939.0,
                    338.0,
                    2674.0,
                    4049.0,
                    763.0,
                    4812.0,
                    0.0,
                    4812.0,
                    0.0,
                    4812.0,
                    1336.0,
                    3476.0,
                    3476.0,
                    1148.0,
                    59934.0
                ],
                "sum": 99569.0
            },
            "total_revenue": {
                "values": [
                    -69569.0
                ],
                "sum": -69569.0
            }
        },
        "Dec '16": {
            "total_income": {
                "values": [
                    14949.0,
                    14949.0
                ],
                "sum": 29898.0
            },
            "total_expenditure": {
                "values": [
                    7733.0,
                    339.0,
                    2799.0,
                    4078.0,
                    805.0,
                    4883.0,
                    0.0,
                    4883.0,
                    0.0,
                    4883.0,
                    1284.0,
                    3599.0,
                    3599.0,
                    1148.0,
                    59934.0
                ],
                "sum": 99967.0
            },
            "total_revenue": {
                "values": [
                    -70069.0
                ],
                "sum": -70069.0
            }
        },
        "Mar '17": {
            "total_income": {
                "values": [
                    14920.0,
                    14920.0
                ],
                "sum": 29840.0
            },
            "total_expenditure": {
                "values": [
                    7667.0,
                    336.0,
                    2867.0,
                    4050.0,
                    733.0,
                    4783.0,
                    0.0,
                    4783.0,
                    0.0,
                    4783.0,
                    1221.0,
                    3562.0,
                    3562.0,
                    1148.0,
                    66869.0
                ],
                "sum": 106364.0
            },
            "total_revenue": {
                "values": [
                    -76524.0
                ],
                "sum": -76524.0
            }
        },
        "Jun '17": {
            "total_income": {
                "values": [
                    14971.0,
                    14971.0
                ],
                "sum": 29942.0
            },
            "total_expenditure": {
                "values": [
                    7752.0,
                    343.0,
                    2883.0,
                    3993.0,
                    723.0,
                    4716.0,
                    0.0,
                    4716.0,
                    0.0,
                    4716.0,
                    1301.0,
                    3415.0,
                    3415.0,
                    1148.0,
                    66869.0
                ],
                "sum": 105990.0
            },
            "total_revenue": {
                "values": [
                    -76048.0
                ],
                "sum": -76048.0
            }
        },
        "Sep '17": {
            "total_income": {
                "values": [
                    15356.0,
                    15356.0
                ],
                "sum": 30712.0
            },
            "total_expenditure": {
                "values": [
                    8015.0,
                    347.0,
                    2963.0,
                    4031.0,
                    849.0,
                    4880.0,
                    0.0,
                    4880.0,
                    0.0,
                    4880.0,
                    1301.0,
                    3579.0,
                    3579.0,
                    1148.0,
                    66869.0
                ],
                "sum": 107321.0
            },
            "total_revenue": {
                "values": [
                    -76609.0
                ],
                "sum": -76609.0
            }
        },
        "Dec '17": {
            "total_income": {
                "values": [
                    15631.0,
                    15631.0
                ],
                "sum": 31262.0
            },
            "total_expenditure": {
                "values": [
                    8287.0,
                    354.0,
                    2879.0,
                    4111.0,
                    1811.0,
                    5922.0,
                    0.0,
                    5922.0,
                    0.0,
                    5922.0,
                    -82.0,
                    6004.0,
                    6004.0,
                    1092.0,
                    66869.0
                ],
                "sum": 115095.0
            },
            "total_revenue": {
                "values": [
                    -83833.0
                ],
                "sum": -83833.0
            }
        },
        "Mar '18": {
            "total_income": {
                "values": [
                    15984.0,
                    15984.0
                ],
                "sum": 31968.0
            },
            "total_expenditure": {
                "values": [
                    8418.0,
                    363.0,
                    3449.0,
                    3754.0,
                    636.0,
                    4390.0,
                    0.0,
                    4390.0,
                    0.0,
                    4390.0,
                    1233.0,
                    3157.0,
                    3157.0,
                    1092.0,
                    62410.0
                ],
                "sum": 100839.0
            },
            "total_revenue": {
                "values": [
                    -68871.0
                ],
                "sum": -68871.0
            }
        },
        "Jun '18": {
            "total_income": {
                "values": [
                    17056.0,
                    17056.0
                ],
                "sum": 34112.0
            },
            "total_expenditure": {
                "values": [
                    8826.0,
                    374.0,
                    3790.0,
                    4066.0,
                    716.0,
                    4782.0,
                    0.0,
                    4782.0,
                    0.0,
                    4782.0,
                    1279.0,
                    3503.0,
                    3503.0,
                    1092.0,
                    62410.0
                ],
                "sum": 103905.0
            },
            "total_revenue": {
                "values": [
                    -69793.0
                ],
                "sum": -69793.0
            }
        },
        "Sep '18": {
            "total_income": {
                "values": [
                    18297.0,
                    18297.0
                ],
                "sum": 36594.0
            },
            "total_expenditure": {
                "values": [
                    9489.0,
                    390.0,
                    3909.0,
                    4509.0,
                    742.0,
                    5251.0,
                    0.0,
                    5251.0,
                    0.0,
                    5251.0,
                    1372.0,
                    3879.0,
                    3879.0,
                    2184.0,
                    62410.0
                ],
                "sum": 108516.0
            },
            "total_revenue": {
                "values": [
                    -71922.0
                ],
                "sum": -71922.0
            }
        },
        "Dec '18": {
            "total_income": {
                "values": [
                    18819.0,
                    18819.0
                ],
                "sum": 37638.0
            },
            "total_expenditure": {
                "values": [
                    9784.0,
                    406.0,
                    4443.0,
                    4186.0,
                    756.0,
                    4942.0,
                    0.0,
                    4942.0,
                    0.0,
                    4942.0,
                    1441.0,
                    3501.0,
                    3501.0,
                    2184.0,
                    62410.0
                ],
                "sum": 107438.0
            },
            "total_revenue": {
                "values": [
                    -69800.0
                ],
                "sum": -69800.0
            }
        },
        "Mar '19": {
            "total_income": {
                "values": [
                    18935.0,
                    18935.0
                ],
                "sum": 37870.0
            },
            "total_expenditure": {
                "values": [
                    10198.0,
                    429.0,
                    3994.0,
                    4314.0,
                    639.0,
                    4953.0,
                    0.0,
                    4953.0,
                    0.0,
                    4953.0,
                    1133.0,
                    3820.0,
                    3820.0,
                    2178.0,
                    60533.0
                ],
                "sum": 105917.0
            },
            "total_revenue": {
                "values": [
                    -68047.0
                ],
                "sum": -68047.0
            }
        },
        "Jun '19": {
            "total_income": {
                "values": [
                    19131.0,
                    19131.0
                ],
                "sum": 38262.0
            },
            "total_expenditure": {
                "values": [
                    10380.0,
                    510.0,
                    4106.0,
                    4135.0,
                    713.0,
                    4848.0,
                    27.0,
                    4821.0,
                    0.0,
                    4821.0,
                    1252.0,
                    3569.0,
                    3569.0,
                    2145.0,
                    60533.0
                ],
                "sum": 105429.0
            },
            "total_revenue": {
                "values": [
                    -67167.0
                ],
                "sum": -67167.0
            }
        },
        "Sep '19": {
            "total_income": {
                "values": [
                    19666.0,
                    19666.0
                ],
                "sum": 39332.0
            },
            "total_expenditure": {
                "values": [
                    10604.0,
                    542.0,
                    3973.0,
                    4547.0,
                    604.0,
                    5151.0,
                    28.0,
                    5123.0,
                    0.0,
                    5123.0,
                    1294.0,
                    3829.0,
                    3829.0,
                    2129.0,
                    60533.0
                ],
                "sum": 107309.0
            },
            "total_revenue": {
                "values": [
                    -67977.0
                ],
                "sum": -67977.0
            }
        },
        "Dec '19": {
            "total_income": {
                "values": [
                    20064.0,
                    20064.0
                ],
                "sum": 40128.0
            },
            "total_expenditure": {
                "values": [
                    10783.0,
                    544.0,
                    4102.0,
                    4635.0,
                    798.0,
                    5433.0,
                    28.0,
                    5405.0,
                    0.0,
                    5405.0,
                    1329.0,
                    4076.0,
                    4076.0,
                    2129.0,
                    0.0
                ],
                "sum": 48743.0
            },
            "total_revenue": {
                "values": [
                    -8615.0
                ],
                "sum": -8615.0
            }
        },
        "Mar '20": {
            "total_income": {
                "values": [
                    20187.0,
                    20187.0
                ],
                "sum": 40374.0
            },
            "total_expenditure": {
                "values": [
                    10666.0,
                    548.0,
                    4399.0,
                    4574.0,
                    585.0,
                    5159.0,
                    31.0,
                    5128.0,
                    0.0,
                    5128.0,
                    1059.0,
                    4069.0,
                    4069.0,
                    2129.0,
                    60105.0
                ],
                "sum": 107649.0
            },
            "total_revenue": {
                "values": [
                    -67275.0
                ],
                "sum": -67275.0
            }
        },
        "Jun '20": {
            "total_income": {
                "values": [
                    20325.0,
                    20325.0
                ],
                "sum": 40650.0
            },
            "total_expenditure": {
                "values": [
                    11222.0,
                    546.0,
                    3626.0,
                    4931.0,
                    478.0,
                    5409.0,
                    31.0,
                    5378.0,
                    0.0,
                    5378.0,
                    1370.0,
                    4008.0,
                    4008.0,
                    2129.0,
                    60105.0
                ],
                "sum": 108619.0
            },
            "total_revenue": {
                "values": [
                    -67969.0
                ],
                "sum": -67969.0
            }
        },
        "Sep '20": {
            "total_income": {
                "values": [
                    21046.0,
                    21046.0
                ],
                "sum": 42092.0
            },
            "total_expenditure": {
                "values": [
                    11053.0,
                    608.0,
                    3773.0,
                    5612.0,
                    582.0,
                    6194.0,
                    31.0,
                    6163.0,
                    0.0,
                    6163.0,
                    1666.0,
                    4497.0,
                    4497.0,
                    2129.0,
                    60105.0
                ],
                "sum": 113073.0
            },
            "total_revenue": {
                "values": [
                    -70981.0
                ],
                "sum": -70981.0
            }
        },
        "Dec '20": {
            "total_income": {
                "values": [
                    22043.0,
                    22043.0
                ],
                "sum": 44086.0
            },
            "total_expenditure": {
                "values": [
                    11371.0,
                    589.0,
                    4060.0,
                    6023.0,
                    903.0,
                    6926.0,
                    32.0,
                    6894.0,
                    0.0,
                    6894.0,
                    1811.0,
                    5083.0,
                    5083.0,
                    2129.0,
                    60105.0
                ],
                "sum": 117903.0
            },
            "total_revenue": {
                "values": [
                    -73817.0
                ],
                "sum": -73817.0
            }
        },
        "Mar '21": {
            "total_income": {
                "values": [
                    22497.0,
                    22497.0
                ],
                "sum": 44994.0
            },
            "total_expenditure": {
                "values": [
                    11532.0,
                    578.0,
                    4818.0,
                    5569.0,
                    504.0,
                    6073.0,
                    33.0,
                    6040.0,
                    0.0,
                    6040.0,
                    1581.0,
                    4459.0,
                    4459.0,
                    2130.0,
                    69401.0
                ],
                "sum": 123217.0
            },
            "total_revenue": {
                "values": [
                    -78223.0
                ],
                "sum": -78223.0
            }
        },
        "Jun '21": {
            "total_income": {
                "values": [
                    23714.0,
                    23714.0
                ],
                "sum": 47428.0
            },
            "total_expenditure": {
                "values": [
                    12191.0,
                    576.0,
                    4992.0,
                    5955.0,
                    570.0,
                    6525.0,
                    32.0,
                    6493.0,
                    0.0,
                    6493.0,
                    1770.0,
                    4723.0,
                    4723.0,
                    2128.0,
                    69401.0
                ],
                "sum": 126572.0
            },
            "total_revenue": {
                "values": [
                    -79144.0
                ],
                "sum": -79144.0
            }
        },
        "Sep '21": {
            "total_income": {
                "values": [
                    25462.0,
                    25462.0
                ],
                "sum": 50924.0
            },
            "total_expenditure": {
                "values": [
                    12734.0,
                    601.0,
                    5844.0,
                    6283.0,
                    1052.0,
                    7335.0,
                    32.0,
                    7303.0,
                    0.0,
                    7303.0,
                    1840.0,
                    5463.0,
                    5463.0,
                    2102.0,
                    69401.0
                ],
                "sum": 132756.0
            },
            "total_revenue": {
                "values": [
                    -81832.0
                ],
                "sum": -81832.0
            }
        },
        "Dec '21": {
            "total_income": {
                "values": [
                    27337.0,
                    27337.0
                ],
                "sum": 54674.0
            },
            "total_expenditure": {
                "values": [
                    13275.0,
                    631.0,
                    6622.0,
                    6809.0,
                    1013.0,
                    7822.0,
                    33.0,
                    7789.0,
                    0.0,
                    7789.0,
                    1919.0,
                    5870.0,
                    5870.0,
                    2102.0,
                    69401.0
                ],
                "sum": 136945.0
            },
            "total_revenue": {
                "values": [
                    -82271.0
                ],
                "sum": -82271.0
            }
        },
        "Mar '22": {
            "total_income": {
                "values": [
                    27426.0,
                    27426.0
                ],
                "sum": 54852.0
            },
            "total_expenditure": {
                "values": [
                    13464.0,
                    620.0,
                    6993.0,
                    6349.0,
                    590.0,
                    6939.0,
                    31.0,
                    6908.0,
                    0.0,
                    6908.0,
                    1731.0,
                    5177.0,
                    5177.0,
                    2103.0,
                    67203.0
                ],
                "sum": 130193.0
            },
            "total_revenue": {
                "values": [
                    -75341.0
                ],
                "sum": -75341.0
            }
        },
        "Jun '22": {
            "total_income": {
                "values": [
                    29527.0,
                    29527.0
                ],
                "sum": 59054.0
            },
            "total_expenditure": {
                "values": [
                    14914.0,
                    643.0,
                    7682.0,
                    6288.0,
                    648.0,
                    6936.0,
                    34.0,
                    6902.0,
                    0.0,
                    6902.0,
                    2001.0,
                    4901.0,
                    4901.0,
                    2104.0,
                    0.0
                ],
                "sum": 64856.0
            },
            "total_revenue": {
                "values": [
                    -5802.0
                ],
                "sum": -5802.0
            }
        },
        "Sep '22": {
            "total_income": {
                "values": [
                    31567.0,
                    31567.0
                ],
                "sum": 63134.0
            },
            "total_expenditure": {
                "values": [
                    15873.0,
                    682.0,
                    7751.0,
                    7261.0,
                    1267.0,
                    8528.0,
                    40.0,
                    8488.0,
                    0.0,
                    8488.0,
                    2235.0,
                    6253.0,
                    6253.0,
                    2104.0,
                    0.0
                ],
                "sum": 75223.0
            },
            "total_revenue": {
                "values": [
                    -12089.0
                ],
                "sum": -12089.0
            }
        },
        "Dec '22": {
            "total_income": {
                "values": [
                    32389.0,
                    32389.0
                ],
                "sum": 64778.0
            },
            "total_expenditure": {
                "values": [
                    16395.0,
                    713.0,
                    8122.0,
                    7159.0,
                    1177.0,
                    8336.0,
                    41.0,
                    8295.0,
                    0.0,
                    8295.0,
                    2085.0,
                    6210.0,
                    6210.0,
                    2091.0,
                    0.0
                ],
                "sum": 75129.0
            },
            "total_revenue": {
                "values": [
                    -10351.0
                ],
                "sum": -10351.0
            }
        },
        "Mar '23": {
            "total_income": {
                "values": [
                    30531.0,
                    30531.0
                ],
                "sum": 61062.0
            },
            "total_expenditure": {
                "values": [
                    15581.0,
                    714.0,
                    7002.0,
                    7234.0,
                    766.0,
                    8000.0,
                    43.0,
                    7957.0,
                    0.0,
                    7957.0,
                    2053.0,
                    5904.0,
                    5904.0,
                    2074.0,
                    65671.0
                ],
                "sum": 136860.0
            },
            "total_revenue": {
                "values": [
                    -75798.0
                ],
                "sum": -75798.0
            }
        },
        "Jun '23": {
            "total_income": {
                "values": [
                    31811.0,
                    31811.0
                ],
                "sum": 63622.0
            },
            "total_expenditure": {
                "values": [
                    16353.0,
                    746.0,
                    7524.0,
                    7188.0,
                    1001.0,
                    8189.0,
                    43.0,
                    8146.0,
                    0.0,
                    8146.0,
                    2190.0,
                    5956.0,
                    5956.0,
                    2075.0,
                    0.0
                ],
                "sum": 73513.0
            },
            "total_revenue": {
                "values": [
                    -9891.0
                ],
                "sum": -9891.0
            }
        },
        "Sep '23": {
            "total_income": {
                "values": [
                    32629.0,
                    32629.0
                ],
                "sum": 65258.0
            },
            "total_expenditure": {
                "values": [
                    16435.0,
                    738.0,
                    8200.0,
                    7256.0,
                    1350.0,
                    8606.0,
                    89.0,
                    8517.0,
                    0.0,
                    8517.0,
                    2272.0,
                    6245.0,
                    6245.0,
                    2075.0,
                    0.0
                ],
                "sum": 76545.0
            },
            "total_revenue": {
                "values": [
                    -11287.0
                ],
                "sum": -11287.0
            }
        },
        "Dec '23": {
            "total_income": {
                "values": [
                    32491.0,
                    32491.0
                ],
                "sum": 64982.0
            },
            "total_expenditure": {
                "values": [
                    16304.0,
                    738.0,
                    8073.0,
                    7376.0,
                    1582.0,
                    8958.0,
                    82.0,
                    8876.0,
                    0.0,
                    8876.0,
                    2324.0,
                    6552.0,
                    6552.0,
                    2075.0,
                    0.0
                ],
                "sum": 78368.0
            },
            "total_revenue": {
                "values": [
                    -13386.0
                ],
                "sum": -13386.0
            }
        },
        "Mar '24": {
            "total_income": {
                "values": [
                    32001.0,
                    32001.0
                ],
                "sum": 64002.0
            },
            "total_expenditure": {
                "values": [
                    16047.0,
                    722.0,
                    8239.0,
                    6993.0,
                    3483.0,
                    10476.0,
                    62.0,
                    10414.0,
                    0.0,
                    10414.0,
                    1934.0,
                    8480.0,
                    8480.0,
                    2075.0,
                    0.0
                ],
                "sum": 87819.0
            },
            "total_revenue": {
                "values": [
                    -23817.0
                ],
                "sum": -23817.0
            }
        },
        "Jun '24": {
            "total_income": {
                "values": [
                    33283.0,
                    33283.0
                ],
                "sum": 66566.0
            },
            "total_expenditure": {
                "values": [
                    16495.0,
                    698.0,
                    8624.0,
                    7466.0,
                    721.0,
                    8187.0,
                    59.0,
                    8128.0,
                    0.0,
                    8128.0,
                    2360.0,
                    5768.0,
                    5768.0,
                    2076.0,
                    0.0
                ],
                "sum": 74478.0
            },
            "total_revenue": {
                "values": [
                    -7912.0
                ],
                "sum": -7912.0
            }
        },
        "Sep '24": {
            "total_income": {
                "values": [
                    34257.0,
                    34257.0
                ],
                "sum": 68514.0
            },
            "total_expenditure": {
                "values": [
                    16864.0,
                    670.0,
                    8992.0,
                    7731.0,
                    1737.0,
                    9468.0,
                    61.0,
                    9407.0,
                    0.0,
                    9407.0,
                    2594.0,
                    6813.0,
                    6813.0,
                    2076.0,
                    0.0
                ],
                "sum": 82633.0
            },
            "total_revenue": {
                "values": [
                    -14119.0
                ],
                "sum": -14119.0
            }
        }
    },
    "Total Revenue": [
        -40238.0,
        -43291.0,
        -43925.0,
        -49463.0,
        -52339.0,
        -51072.0,
        -56737.0,
        -7982.0,
        -61475.0,
        -60515.0,
        -69908.0,
        -68443.0,
        -69569.0,
        -70069.0,
        -76524.0,
        -76048.0,
        -76609.0,
        -83833.0,
        -68871.0,
        -69793.0,
        -71922.0,
        -69800.0,
        -68047.0,
        -67167.0,
        -67977.0,
        -8615.0,
        -67275.0,
        -67969.0,
        -70981.0,
        -73817.0,
        -78223.0,
        -79144.0,
        -81832.0,
        -82271.0,
        -75341.0,
        -5802.0,
        -12089.0,
        -10351.0,
        -75798.0,
        -9891.0,
        -11287.0,
        -13386.0,
        -23817.0,
        -7912.0,
        -14119.0
    ]
}